<record xmlns="http://www.loc.gov/MARC21/slim" xmlns:xsi="http://www.w3.org/2001/XMLSchema-instance" xsi:schemaLocation="http://www.loc.gov/MARC21/slim http://www.loc.gov/standards/marcxml/schema/MARC21slim.xsd">

  <leader>00531nam a2200145Ia 4500</leader>
  <datafield ind1=" " tag="999" ind2=" ">
    <subfield code="c">1721</subfield>
    <subfield code="d">1721</subfield>
  </datafield>
  <controlfield tag="008">180417b1984    cr ||||| |||| 00| | spa d</controlfield>
  <datafield ind1=" " ind2=" " tag="090">
    <subfield code="a">06.03.04 </subfield>
    <subfield code="b">661</subfield>
  </datafield>
  <datafield ind1="1" tag="100" ind2=" ">
    <subfield code="a">Pereira Pérez, Zulay</subfield>
    <subfield code="9">2902</subfield>
  </datafield>
  <datafield ind1="1" tag="245" ind2="3">
    <subfield code="a">La comprensión de lectura en estudiantes costarricenses mediante la prueba Cloze / </subfield>
    <subfield code="c">Zulay  Pereira Pérez, María Eugenia  Vargas Pinaud</subfield>
  </datafield>
  <datafield ind2=" " tag="260" ind1=" ">
    <subfield code="a">San José, Costa Rica :  </subfield>
    <subfield code="b">Departamento de Investigación Educacional, </subfield>
    <subfield code="c">1984</subfield>
  </datafield>
  <datafield ind1=" " ind2=" " tag="300">
    <subfield code="a">52 páginas</subfield>
  </datafield>
  <datafield ind1=" " ind2=" " tag="500">
    <subfield code="a">ESTUDIANTES </subfield>
  </datafield>
  <datafield tag="650" ind2="4" ind1="1">
    <subfield code="9">365</subfield>
    <subfield code="a">LECTURA</subfield>
  </datafield>
  <datafield tag="650" ind2="4" ind1="1">
    <subfield code="9">3563</subfield>
    <subfield code="a">PRUEBA CLOZE</subfield>
  </datafield>
  <datafield ind2=" " tag="700" ind1="1">
    <subfield code="a">Vargas Pinaud, María Eugenia</subfield>
    <subfield code="9">3548</subfield>
  </datafield>
  <datafield ind1=" " tag="942" ind2=" ">
    <subfield code="2">z</subfield>
    <subfield code="c">04</subfield>
  </datafield>
</record>